@article{DBLP:journals/csur/Hudak96,
  author       = {Paul Hudak},
  title        = {Building Domain-Specific Embedded Languages},
  journal      = {{ACM} Comput. Surv.},
  volume       = {28},
  number       = {4es},
  pages        = {196},
  year         = {1996},
  url          = {https://doi.org/10.1145/242224.242477},
  doi          = {10.1145/242224.242477},
  timestamp    = {Tue, 06 Nov 2018 12:50:49 +0100},
  biburl       = {https://dblp.org/rec/journals/csur/Hudak96.bib},
  bibsource    = {dblp computer science bibliography, https://dblp.org}
}

@inproceedings{DBLP:conf/stoc/Gentry09,
  author       = {Craig Gentry},
  editor       = {Michael Mitzenmacher},
  title        = {Fully homomorphic encryption using ideal lattices},
  booktitle    = {Proceedings of the 41st Annual {ACM} Symposium on Theory of Computing,
                  {STOC} 2009, Bethesda, MD, USA, May 31 - June 2, 2009},
  pages        = {169--178},
  publisher    = {{ACM}},
  year         = {2009},
  url          = {https://doi.org/10.1145/1536414.1536440},
  doi          = {10.1145/1536414.1536440},
  timestamp    = {Mon, 26 Nov 2018 15:05:57 +0100},
  biburl       = {https://dblp.org/rec/conf/stoc/Gentry09.bib},
  bibsource    = {dblp computer science bibliography, https://dblp.org}
}

@inproceedings{DBLP:conf/popl/CaspiPHP87,
  author       = {Paul Caspi and
                  Daniel Pilaud and
                  Nicolas Halbwachs and
                  John Plaice},
  title        = {Lustre: {A} Declarative Language for Programming Synchronous Systems},
  booktitle    = {Conference Record of the Fourteenth Annual {ACM} Symposium on Principles
                  of Programming Languages, Munich, Germany, January 21-23, 1987},
  pages        = {178--188},
  publisher    = {{ACM} Press},
  year         = {1987},
  url          = {https://doi.org/10.1145/41625.41641},
  doi          = {10.1145/41625.41641},
  timestamp    = {Tue, 06 Nov 2018 11:07:43 +0100},
  biburl       = {https://dblp.org/rec/conf/popl/CaspiPHP87.bib},
  bibsource    = {dblp computer science bibliography, https://dblp.org}
}

@article{DBLP:journals/scp/BerryG92,
  author       = {G{\'{e}}rard Berry and
                  Georges Gonthier},
  title        = {The Esterel Synchronous Programming Language: Design, Semantics, Implementation},
  journal      = {Sci. Comput. Program.},
  volume       = {19},
  number       = {2},
  pages        = {87--152},
  year         = {1992},
  url          = {https://doi.org/10.1016/0167-6423(92)90005-V},
  doi          = {10.1016/0167-6423(92)90005-V},
  timestamp    = {Wed, 17 Feb 2021 21:55:41 +0100},
  biburl       = {https://dblp.org/rec/journals/scp/BerryG92.bib},
  bibsource    = {dblp computer science bibliography, https://dblp.org}
}

@article{DBLP:journals/scp/BenvenisteGJ91,
  author       = {Albert Benveniste and
                  Paul {Le Guernic} and
                  Christian Jacquemot},
  title        = {Synchronous Programming with Events and Relations: the {SIGNAL} Language
                  and Its Semantics},
  journal      = {Sci. Comput. Program.},
  volume       = {16},
  number       = {2},
  pages        = {103--149},
  year         = {1991},
  url          = {https://doi.org/10.1016/0167-6423(91)90001-E},
  doi          = {10.1016/0167-6423(91)90001-E},
  timestamp    = {Wed, 17 Feb 2021 21:55:46 +0100},
  biburl       = {https://dblp.org/rec/journals/scp/BenvenisteGJ91.bib},
  bibsource    = {dblp computer science bibliography, https://dblp.org}
}

@inproceedings{DBLP:conf/rv/PikeGMN10,
  author       = {Lee Pike and
                  Alwyn Goodloe and
                  Robin Morisset and
                  Sebastian Niller},
  editor       = {Howard Barringer and
                  Yli{\`{e}}s Falcone and
                  Bernd Finkbeiner and
                  Klaus Havelund and
                  Insup Lee and
                  Gordon J. Pace and
                  Grigore Rosu and
                  Oleg Sokolsky and
                  Nikolai Tillmann},
  title        = {Copilot: {A} Hard Real-Time Runtime Monitor},
  booktitle    = {Runtime Verification - First International Conference, {RV} 2010,
                  St. Julians, Malta, November 1-4, 2010. Proceedings},
  series       = {Lecture Notes in Computer Science},
  volume       = {6418},
  pages        = {345--359},
  publisher    = {Springer},
  year         = {2010},
  url          = {https://doi.org/10.1007/978-3-642-16612-9\_26},
  doi          = {10.1007/978-3-642-16612-9\_26},
  timestamp    = {Thu, 26 Jan 2023 14:05:55 +0100},
  biburl       = {https://dblp.org/rec/conf/rv/PikeGMN10.bib},
  bibsource    = {dblp computer science bibliography, https://dblp.org}
}

@inproceedings{DBLP:conf/fdl/EdwardsH20,
  author       = {Stephen A. Edwards and
                  John Hui},
  title        = {The Sparse Synchronous Model},
  booktitle    = {Forum for Specification and Design Languages, {FDL} 2020, Kiel, Germany,
                  September 15-17, 2020},
  pages        = {1--8},
  publisher    = {{IEEE}},
  year         = {2020},
  url          = {https://doi.org/10.1109/FDL50818.2020.9232938},
  doi          = {10.1109/FDL50818.2020.9232938},
  timestamp    = {Mon, 03 Jan 2022 22:25:39 +0100},
  biburl       = {https://dblp.org/rec/conf/fdl/EdwardsH20.bib},
  bibsource    = {dblp computer science bibliography, https://dblp.org}
}

@inproceedings{DBLP:conf/haskell/ValliappanRL21,
  author       = {Nachiappan Valliappan and
                  Alejandro Russo and
                  Sam Lindley},
  editor       = {Jurriaan Hage},
  title        = {Practical normalization by evaluation for EDSLs},
  booktitle    = {Haskell 2021: Proceedings of the 14th {ACM} {SIGPLAN} International
                  Symposium on Haskell, Virtual Event, Korea, August 26-27, 2021},
  pages        = {56--70},
  publisher    = {{ACM}},
  year         = {2021},
  url          = {https://doi.org/10.1145/3471874.3472983},
  doi          = {10.1145/3471874.3472983},
  timestamp    = {Sat, 21 Aug 2021 20:16:31 +0200},
  biburl       = {https://dblp.org/rec/conf/haskell/ValliappanRL21.bib},
  bibsource    = {dblp computer science bibliography, https://dblp.org}
}

@incollection{DBLP:series/natosec/HedinS12,
  author       = {Daniel Hedin and
                  Andrei Sabelfeld},
  editor       = {Tobias Nipkow and
                  Orna Grumberg and
                  Benedikt Hauptmann},
  title        = {A Perspective on Information-Flow Control},
  booktitle    = {Software Safety and Security - Tools for Analysis and Verification},
  series       = {{NATO} Science for Peace and Security Series - {D:} Information and
                  Communication Security},
  volume       = {33},
  pages        = {319--347},
  publisher    = {{IOS} Press},
  year         = {2012},
  url          = {https://doi.org/10.3233/978-1-61499-028-4-319},
  doi          = {10.3233/978-1-61499-028-4-319},
  timestamp    = {Wed, 04 Mar 2020 14:10:38 +0100},
  biburl       = {https://dblp.org/rec/series/natosec/HedinS12.bib},
  bibsource    = {dblp computer science bibliography, https://dblp.org}
}

@online{intelsgx,
    title = "{Intel Software Guard Extension}",
    url  = "https://www.intel.com/content/www/us/en/developer/tools/software-guard-extensions/overview.html",
    addendum = "(accessed: 04.05.2023)",
    author = "Intel",
    year = 2015,
    keywords = "tee, enclave, intel"
}

@online{armtz,
    title = "{ARM TrustZone}",
    url  = "https://www.arm.com/technologies/trustzone-for-cortex-a",
    addendum = "(accessed: 04.05.2023)",
    author = "ARM",
    year = 2004,
    keywords = "tee, enclave, arm"
}

@online{amdsev,
    title = "{AMD}",
    url  = "https://developer.amd.com/sev/",
    addendum = "(accessed: 04.05.2023)",
    author = "AMD",
    year = 2018,
    keywords = "tee, enclave"
}

@inproceedings{DBLP:conf/usenix/TsaiPV17,
  author    = {Chia{-}che Tsai and
               Donald E. Porter and
               Mona Vij},
  editor    = {Dilma Da Silva and
               Bryan Ford},
  title     = {Graphene-SGX: {A} Practical Library {OS} for Unmodified Applications
               on {SGX}},
  booktitle = {2017 {USENIX} Annual Technical Conference, {USENIX} {ATC} 2017, Santa
               Clara, CA, USA, July 12-14, 2017},
  pages     = {645--658},
  publisher = {{USENIX} Association},
  year      = {2017},
  url       = {https://www.usenix.org/conference/atc17/technical-sessions/presentation/tsai},
  timestamp = {Mon, 01 Feb 2021 08:43:34 +0100},
  biburl    = {https://dblp.org/rec/conf/usenix/TsaiPV17.bib},
  bibsource = {dblp computer science bibliography, https://dblp.org}
}

@inproceedings{DBLP:conf/hopl/Armstrong07,
  author       = {Joe Armstrong},
  editor       = {Barbara G. Ryder and
                  Brent Hailpern},
  title        = {A history of Erlang},
  booktitle    = {Proceedings of the Third {ACM} {SIGPLAN} History of Programming Languages
                  Conference (HOPL-III), San Diego, California, USA, 9-10 June 2007},
  pages        = {1--26},
  publisher    = {{ACM}},
  year         = {2007},
  url          = {https://doi.org/10.1145/1238844.1238850},
  doi          = {10.1145/1238844.1238850},
  timestamp    = {Wed, 14 Nov 2018 10:57:27 +0100},
  biburl       = {https://dblp.org/rec/conf/hopl/Armstrong07.bib},
  bibsource    = {dblp computer science bibliography, https://dblp.org}
}